%% This BibTeX bibliography file was created using BibDesk.
%% http://bibdesk.sourceforge.net/

%% Created for Raju Rimal at 2015-10-23 12:40:10 +0200 


%% Saved with string encoding Unicode (UTF-8) 



@article{wold2001pls,
	Author = {Wold, Svante and Sj{\"o}str{\"o}m, Michael and Eriksson, Lennart},
	Date-Added = {2015-10-23 10:08:23 +0000},
	Date-Modified = {2015-10-23 10:08:23 +0000},
	Journal = {Chemometrics and intelligent laboratory systems},
	Number = {2},
	Pages = {109--130},
	Publisher = {Elsevier},
	Title = {PLS-regression: a basic tool of chemometrics},
	Volume = {58},
	Year = {2001}}

@incollection{saebo2010three,
	Author = {S{\ae}b{\o}, Solve and Martens, Magni and Martens, Harald},
	Booktitle = {Handbook of Partial Least Squares},
	Date-Added = {2015-10-23 10:06:29 +0000},
	Date-Modified = {2015-10-23 10:06:29 +0000},
	Pages = {359--379},
	Publisher = {Springer},
	Title = {Three-block data modeling by endo-and exo-LPLS regression},
	Year = {2010}}

@article{saebo2008lpls,
	Author = {S{\ae}b{\o}, Solve and Alm{\o}y, Trygve and Flatberg, Arnar and Aastveit, Are H and Martens, Harald},
	Date-Added = {2015-10-23 10:06:03 +0000},
	Date-Modified = {2015-10-23 10:06:03 +0000},
	Journal = {Chemometrics and Intelligent Laboratory Systems},
	Number = {2},
	Pages = {121--132},
	Publisher = {Elsevier},
	Title = {LPLS-regression: a method for prediction and classification under the influence of background information on predictor variables},
	Volume = {91},
	Year = {2008}}
